@article{Schwartz2013,
	author = {Schwartz, H Andrew and Eichstaedt, Johannes C and Kern, Margaret L and Dziurzynski, Lukasz and Agrawal, Megha and Park, Gregory J and Lakshmikanth, Shrinidhi K and Jha, Sneha and Seligman, Martin E P and Ungar, Lyle and Lucas, Richard E},
	number = {June 2009},
	title = {Characterizing Geographic Variation in Well-Being using Tweets},
	year = 2013
}

@article{Mitchell2013,
	author = {Mitchell, Lewis and Frank, Morgan R and Harris, Kameron Decker and Dodds, Peter Sheridan and Danforth, Christopher M},
	number = 5,
	pages = {1-20},
	title = {The Geography of Happiness: Connecting Twitter sentiment and expression, demographics, and objective characteristics of place PLoS ONE, 8(5): e64417, 2013},
	volume = 8,
	year = 2013
}

@article{Dodds2011,
	author = {Dodds, Peter Sheridan and Harris, Kameron Decker and Kloumann, Isabel M and Bliss, Catherine a and Danforth, Christopher M},
	booktitle = {PloS one},
	issn = {1932-6203},
	journal = {PloS one},
	keywords = {Blogging,Emotions,Happiness,Humans,Internet,Language,Models,Social Behavior,Social Networking,Social Support,Software,Statistical,Work},
	month = 1,
	number = 12,
	pages = {e26752},
	title = {Temporal patterns of happiness and information in a global social network: hedonometrics and Twitter.},
	url = {http://www.pubmedcentral.nih.gov/articlerender.fcgi?artid=3233600\&tool=pmcentrez\&rendertype=abstract},
	urldate = {26/05/14},
	volume = 6,
	year = 2011
}

@article{Dodds2009,
	author = {Dodds, Peter Sheridan and Danforth, Christopher M.},
	booktitle = {Journal of Happiness Studies},
	issn = {1389-4978},
	journal = {Journal of Happiness Studies},
	keywords = {á song lyrics á,addresses,happiness á hedonometer á,measurement á emotion á,remote sensing á blogs,state of the union,written expression á},
	month = 7,
	number = 4,
	pages = {441-456},
	title = {Measuring the Happiness of Large-Scale Written Expression: Songs, Blogs, and Presidents},
	url = {http://link.springer.com/10.1007/s10902-009-9150-9},
	urldate = {26/05/14},
	volume = 11,
	year = 2009
}

@book{GallupHealthway2013,
	author = {{Gallup - Healthway}},
	isbn = 6156144463,
	title = {State of American Well-Being - 2012 State, Community, and Congressional District Analysis},
	year = 2013
}

@article{Brownrigg2013,
	author = {Brownrigg, Ray},
	title = {Package ‘ maps ’},
	year = 2013
}

@article{Kloumann2012,
	author = {Kloumann, Isabel M and Danforth, Christopher M and Harris, Kameron Decker and Bliss, Catherine a and Dodds, Peter Sheridan},
	booktitle = {PloS one},
	issn = {1932-6203},
	journal = {PloS one},
	keywords = {Concept Formation,Happiness,Humans,Language,Vocabulary},
	month = 1,
	number = 1,
	pages = {e29484},
	title = {Positivity of the English language.},
	url = {http://www.pubmedcentral.nih.gov/articlerender.fcgi?artid=3256157\&tool=pmcentrez\&rendertype=abstract},
	urldate = {26/05/14},
	volume = 7,
	year = 2012
}

@article{Nollenburg2007,
	author = {Nollenburg, Martin},
	booktitle = {Human-Centered Visualization Environments},
	journal = {Human-Centered Visualization Environments},
	pages = {257-294},
	title = {Geographic Visualization},
	year = 2007
}

@article{Smith2012,
	author = {Smith, Aaron and Brenner, Joanna},
	title = {Twitter Use 2012},
	year = 2012
}

@article{Bradley1999,
	author = {Bradley, Margaret M and Lang, Peter J},
	title = {Affective Norms for English Words ( ANEW ): Instruction Manual and Affective Ratings},
	year = 1999
}

@article{Harrower2003,
	author = {Harrower, Mark and Brewer, Cynthia a.},
	booktitle = {The Cartographic Journal},
	issn = {0008-7041},
	journal = {The Cartographic Journal},
	month = 6,
	number = 1,
	pages = {27-37},
	title = {ColorBrewer.org: An Online Tool for Selecting Colour Schemes for Maps},
	url = {http://www.maneyonline.com/doi/abs/10.1179/000870403235002042},
	urldate = {28/05/14},
	volume = 40,
	year = 2003
}

@book{Bolstad2012,
	author = {Bolstad, Paul},
	isbn = {978-0971764736},
	pages = {71-130},
	title = {GIS Fundamentals: A First Text on Geographic Information Systems},
	year = 2012
}

@article{Redondo2007,
	author = {Redondo, Jaime and Fraga, Isabel and Padrón, Isabel and Comesaña, Montserrat},
	booktitle = {Behavior research methods},
	issn = {1554-351X},
	journal = {Behavior research methods},
	keywords = {Adolescent,Adult,Affect,Cognition,Female,Humans,Language,Male,Vocabulary},
	month = 8,
	number = 3,
	pages = {600-5},
	title = {The Spanish adaptation of ANEW (affective norms for English words).},
	url = {http://www.ncbi.nlm.nih.gov/pubmed/17958173},
	volume = 39,
	year = 2007
}

@article{Frank2013,
	author = {Frank, Morgan R and Mitchell, Lewis and Dodds, Peter Sheridan and Danforth, Christopher M},
	booktitle = {Scientific reports},
	issn = {2045-2322},
	journal = {Scientific reports},
	month = 1,
	pages = 2625,
	title = {Happiness and the patterns of life: a study of geolocated tweets.},
	url = {http://www.ncbi.nlm.nih.gov/pubmed/24026340},
	urldate = {26/05/14},
	volume = 3,
	year = 2013
}

@article{Bertrand2013,
	author = {Bertrand, Karla Z and Bialik, Maya and Virdee, Kawandeep and Gros, Andreas and Bar-yam, Yaneer},
	pages = {1-12},
	title = {Sentiment in New York City : A High Resolution Spatial and Temporal View},
	year = 2013
}

@article{Connor2010,
	author = {Connor, Brendan O and Balasubramanyan, Ramnath and Routledge, Bryan R and Smith, Noah A},
	title = {From Tweets to Polls : Linking Text Sentiment to Public Opinion Time Series},
	year = 2010
}
